% This file was created with JabRef 2.3.1.
% Encoding: UTF-8

@ARTICLE{HANA_STAT04,
  author = {{\v{S}}ev{\v{c}}{\'{\i}}kov{\'a}, Hana},
  title = {Statistical simulations on parallel computers},
  journal = {Journal of Computational and Graphical Statistics},
  year = {2004},
  volume = {13},
  pages = {886--906},
  number = {4},
  fjournal = {Journal of Computational and Graphical Statistics},
  issn = {1061-8600},
  mrclass = {Database Expansion Item},
  mrnumber = {MR2113277}
}

@ARTICLE{HANA_04,
  author = {Hana {\v{S}}ev{\v{c}}{\'{\i}}kov{\'a} AND A.J. Rossini},
  title = {Pragmatic Parallel Computing. Submitted to Journal of Statistical
	Software},
  year = {2004},
  owner = {jo},
  timestamp = {2008.04.21}
}

@TECHREPORT{burns94:_lam,
  author = {Greg Burns and Raja Daoud and James Vaigl},
  title = {{LAM}: {A}n {O}pen {C}luster {E}nvironment for {MPI}},
  year = {1994},
  note = {\url{http://www.lam-mpi.org/download/files/lam-papers.tar.gz}},
  booktitle = {Proceedings of Supercomputing Symposium},
  pages = {379--386}
}

@ARTICLE{ROSS_07,
  author = {A.J. Rossini AND Luke Tierney AND Na Li},
  title = {Simple Parallel Statistical Computing in R},
  journal = {Journal of Computational and Graphical Statistics},
  year = {2007},
  volume = {16},
  pages = {399--420},
  number = {2},
  fjournal = {Journal of Computational and Graphical Statistics},
  issn = {1061-8600}
}

@OTHER{SNOW_PACK,
  author = {A.J. Rossini AND Luke Tierney AND Na Li},
  note = {\url{http://cran.rproject.org/doc/packages/snow.pdf}},
  owner = {jo},
  timestamp = {2008.04.22},
  title = {The Snow package},
  year = {2006}
}

@comment{jabref-meta: selector_journal:}

@comment{jabref-meta: selector_author:}

@comment{jabref-meta: selector_keywords:}

@comment{jabref-meta: selector_publisher:}

